@article{ KraPo88,
        shorthand = "KraPo88",
        author = "Krasner, Glenn E. and Pope, Steven T.",
        journal = "Journal of Object Oriented Programming",
        title = "A Cookbook for Using the Model-View-Controller User Interface Paradigm in Smalltalk-80",
        volume = "August/November 88",
        year = "1988"
      }

@book{ GoF94,
       author = {Gamma, Erich and Helm, Richard and Johnson, Ralph and Vlissides, John},
       title = {Design Patterns: Elements of Reusable Object-oriented Software},
       year = {1995},
       isbn = {0-201-63361-2},
       publisher = {Addison-Wesley Longman Publishing Co., Inc.},
       address = {Boston, MA, USA},
      }

@book{ Marti13,
        shorthand = "Marti13",
        author = {Martin, Robert C.},
        title = {Agile Software Development, Principles, Patterns, and Practices: Pearson New International Edition},
        publisher = {Pearson},
        year = {2013}
}

@book{Martin17,
  added-at = {2017-10-22T13:22:17.000+0200},
  address = {Boston, MA},
  author = {Martin, Robert C.},
  biburl = {https://www.bibsonomy.org/bibtex/290024d38bd91dae6d0e7e6e5a7d0690c/flint63},
  groups = {public},
  isbn = {978-0-13-449416-6},
  publisher = {Prentice Hall},
  series = {Robert C. Martin Series},
  title = {Clean Architecture: A Craftsman's Guide to Software Structure and Design},
  url = {https://www.safaribooksonline.com/library/view/clean-architecture-a/9780134494272/},
  username = {flint63},
  year = 2017
}

@misc{ Reens79,
  author = {M. H. Reenskaug, Trygve},
  title = {The Model-View-Controller (MVC) -- Its Past and Present},
  year = {2003},
  month = {August},
  day = {20},
  url = {http://home.ifi.uio.no/trygver/2003/javazone-jaoo/MVC_pattern.pdf},
  quality = {2},
  note = {Präsentation über Vergangenheit und Zukunft von MVC.}
}

@misc{ Reens79-1,
  shorthand = "Reens79-1",
  author = {M. H. Reenskaug, Trygve},
  title = {Models-Views-Controllers},
  publisher = {Xerox PARC technical note},
  month = {December},
  year = {1979}
}

@misc{burbeck87,
  added-at = {2012-11-16T18:43:15.000+0100},
  author = {Burbeck, Steve},
  biburl = {https://www.bibsonomy.org/bibtex/23bb13628af9222319ca70601d8416903/philipps},
  interhash = {935d513a61dedafefeb32d63c6e32a96},
  intrahash = {3bb13628af9222319ca70601d8416903},
  keywords = {mvc seusseminar smalltalk},
  timestamp = {2012-11-16T18:43:16.000+0100},
  title = {Applications Programming in Smalltalk-80(TM): How to use Model-View-Controller (MVC)},
  url = {http://st-www.cs.uiuc.edu/users/smarch/st-docs/mvc.html},
  year = 1987
}

@article{Liskov1987,
  added-at = {2010-09-22T22:20:57.000+0200},
  author = {Liskov, Barbara},
  biburl = {https://www.bibsonomy.org/bibtex/2377f2877e5e43319696f7199e779af94/voj},
  doi = {10.1145/62138.62141},
  interhash = {7fb79f294236769dc2716d46012b87a8},
  intrahash = {377f2877e5e43319696f7199e779af94},
  journal = {ACM SIGPLAN Notices},
  keywords = {OOP identity inheritance substitution},
  month = {March},
  number = 5,
  pages = {17-34},
  timestamp = {2010-09-22T22:20:57.000+0200},
  title = {Data Abstraction and Hierarchy},
  volume = 23,
  year = 1987
}
