@MISC{bach,
  author = {James Bach},
  title = {The Challenge of \glqq Good Enough\grqq{} Software},
  year = {1996}
}

@misc{manifesto,
  added-at = {2007-12-30T11:39:05.000+0100},
  author = {Beck et al.},
  biburl = {https://www.bibsonomy.org/bibtex/28954248a545d88dd2c0e688d1c7e2f9d/juve},
  booktitle = {Manifesto for Agile Software Development},
  description = {Manifesto for Agile Software Development},
  interhash = {098cc7e185f10c3da390459a01e0d535},
  intrahash = {8954248a545d88dd2c0e688d1c7e2f9d},
  keywords = {imported},
  timestamp = {2007-12-30T11:39:05.000+0100},
  title = {Manifesto for Agile Software Development},
  url = {http://www.agilemanifesto.org/},
  year = 2001
}

@book{beck,
  author = {Beck, Kent and Andres, Cynthia},
  title = {Extreme Programming Explained: Embrace Change (2Nd Edition)},
  year = {2004},
  isbn = {0321278658},
  publisher = {Addison-Wesley Professional},
}

@article{takeuchi,
  journal = {Harvard Business Review},
  title = {The New New Product Development Game},
  url = {https://www.thescrummaster.co.uk/wp-content/uploads/2016/09/The-New-New-Product-Development-Game.pdf},
  year = 1986
}

@article{coplien,
  author = {Coplien, James},
  year = {1994},
  month = {04},
  pages = {},
  title = {Borland Software Craftsmanship: A New Look at Process, Quality and Productivity}
}

@INPROCEEDINGS{schwaber,
  author = {Ken Schwaber},
  title = {SCRUM Development Process},
  booktitle = {Proceedings of the 10th Annual ACM Conference on Object Oriented Programming Systems, Languages, and Applications (OOPSLA},
  year = {1995},
  pages = {117--134}
}

@book{SchwaBee,
  author = {Schwaber, Ken and Beedle, Mike},
  title = {Agile Software Development with Scrum},
  year = {2001},
  isbn = {0130676349},
  edition = {1st},
  publisher = {Prentice Hall PTR},
  address = {Upper Saddle River, NJ, USA},
}

@book{Schwa2,
 author = {Schwaber, Ken},
 title = {Agile Project Management With Scrum},
 year = {2004},
 isbn = {073561993X},
 publisher = {Microsoft Press},
 address = {Redmond, WA, USA},
}

@book{Schwa3,
 author = {Schwaber, Ken},
 title = {The Enterprise and Scrum},
 year = {2007},
 isbn = {9780735623378},
 edition = {First},
 publisher = {Microsoft Press},
 address = {Redmond, WA, USA},
}

@online{ken,
  title = {Ken Schwaber},
  url = {https://www.scrumguides.org/ken.html}
}

@online{jeff,
  title = {Jeff Sutherland},
  url = {https://www.scrumguides.org/jeff.html}
}

@online{hiro,
  title = {Hirotaka Takeuchi},
  url = {https://web.archive.org/web/20071007165216/http://www.ics.hit-u.ac.jp/faculty/detail.php?id=113}
}

@online{ikuji,
  title = {Ikujir≈ç Nonaka},
  url = {http://www.ics.hub.hit-u.ac.jp/faculty/profile/nonaka_ikujiro.html}
}

@book{beck2,
 author = {Beck, Kent},
 title = {Implementation Patterns},
 year = {2006},
 isbn = {0321413091},
 publisher = {Addison-Wesley Professional},
}

@misc{scrum,
    author = {Schwaber et al.},
    title = {The {Scrum} Guide},
    year = {2001},
    url = {http://www.scrumguides.org/docs/scrumguide/v2017/2017-Scrum-Guide-German.pdf}
}
