@article{ KraPo88,
        shorthand = "KraPo88",
        author = "Krasner, Glenn E. and Pope, Steven T.",
        journaltitle = "Journal of Object Oriented Programming",
        title = "A Cookbook for Using the Model-View-Controller User Interface Paradigm in Smalltalk-80",
        volume = "August/November 88"
      }

@book{ GoF94,
        shorthand = "GoF94",
        author = "Gamma, Erich and Helm, Richard and Johnson, Ralph and Vlissides, John",
        title = "Design Patterns: Elements of Reusable Object-Oriented Software",
        yeas = "1994"
      }
%   \bibitem[Gamma~et~al.~94]{GoF} Gamma, Erich ; Helm, Richard ; Johnson, Ralph ; Vlissides, John ; Addison-Wesley (Hrsg.): \textit{Design Patterns: Elements of Reusable Object-Oriented Software}

@misc{ Kowar12,
        author = {Kowarschick, Wolfgang},
        title = {{Multimedia-Programmierung}},
        howpublished = {Hochschule Augsburg, Fakultät für Informatik, gehalten im Wintersemester 2012},
        institution = {Hochschule Augsburg -- Fakultät für Informatik},
        year = {2012},
        semester = {Wintersemester},
        address = {Augsburg},
        url = {http://mmprog.hs-augsburg.de/},
        quality = {3},
        note = {Die Lehrinhalte der Vorlesung \glqq{}Multimedia-Programmierung\grqq{} werden nicht in einem Skript, sondern im GlossarWiki und auch auf der Web-Site http://mmprog.hs-augsburg.de/ zur Verfügung gestellt.}
}

@book{ Marti13,
        shorthand = "Marti13",
        author = {Robert C. Martin},
        title = {Agile Software Development, Principles, Patterns, and Practices: Pearson New International Edition},
        publisher = {Pearson},
        year = {2013}
}
